@inproceedings{PetrovicMikic2015,
author = {Petar Petrovi{\'c} and Mika Miki{\'c}},
title = {Nau{\v c}ni rad},
booktitle = {Konferencija iz matematike i ra{\v c}unarstva},
year = {2015},
editor = {Miloje Milojevi{\'c}},
language = {serbian},
hyphenation = {serbian}
}

@article{GuSh:243,
author = {Gurevich, Yuri and Shelah, Saharon},
ams-subject = {(05C80)},
fromwhere = {1,IL},
journal = {SIAM Journal on Computing},
review = {MR 88i:05162},
pages = {486--502},
title = {{Expected computation time for Hamiltonian path problem}},
volume = {16},
year = {1987},
language = {english},
hyphenation = {english}
}

@BOOK{SeeMIPSRun,
  TITLE = {See MIPS Run},
  AUTHOR = {Dominic Sweetman},
  YEAR = {2007},
  PUBLISHER = {Wiley}
}

@misc{memcheckRef,
  title = {{Memcheck: a memory error detector}},
  howpublished = "\url{http://valgrind.org/docs/manual/mc-manual.html}",
  year = {2000-2017}
}

@misc{cachegrindRef,
  title = {{Cachegrind: a cache and branch-prediction profiler}},
  howpublished = "\url{http://valgrind.org/docs/manual/cg-manual.html}",
  year = {2000-2017}
}


@misc{helgrindRef,
  title = {{Helgrind: a thread error detector}},
  howpublished = "\url{http://valgrind.org/docs/manual/hg-manual.html}",
  year = {2000-2017}
}

@misc{callgrindRef,
  title = {{Callgrind: a call-graph generating cache and branch prediction profiler}},
  howpublished = "\url{http://valgrind.org/docs/manual/cl-manual.html}",
  year = {2000-2017}
}

@misc{massifdRef,
  title = {{Massif: a heap profiler}},
  howpublished = "\url{http://valgrind.org/docs/manual/ms-manual.html}",
  year = {2000-2017}
}

@misc{drdRef,
  title = {{DRD: a thread error detector}},
  howpublished = "\url{http://valgrind.org/docs/manual/drd-manual.html}",
  year = {2000-2017}
}

@misc{fpxxRef,
  title = {{MIPS O32 ABI - FR0 and FR1 Interlinking}},
  howpublished = "\url{https://dmz-portal.mips.com/wiki/MIPS_O32_ABI_-_FR0_and_FR1_Interlinking}",
  year = {2015}
}