@BOOK{SeeMIPSRun,
  TITLE = {See MIPS Run},
  AUTHOR = {Dominic Sweetman},
  YEAR = {2007},
  PUBLISHER = {Morgan Kaufman Publishers}
}

@misc{memcheckRef,
  title = {{Memcheck: a memory error detector}},
  howpublished = "\url{http://valgrind.org/docs/manual/mc-manual.html}",
  year = {2000-2017}
}

@misc{cachegrindRef,
  title = {{Cachegrind: a cache and branch-prediction profiler}},
  howpublished = "\url{http://valgrind.org/docs/manual/cg-manual.html}",
  year = {2000-2017}
}


@misc{helgrindRef,
  title = {{Helgrind: a thread error detector}},
  howpublished = "\url{http://valgrind.org/docs/manual/hg-manual.html}",
  year = {2000-2017}
}

@misc{callgrindRef,
  title = {{Callgrind: a call-graph generating cache and branch prediction profiler}},
  howpublished = "\url{http://valgrind.org/docs/manual/cl-manual.html}",
  year = {2000-2017}
}

@misc{massifdRef,
  title = {{Massif: a heap profiler}},
  howpublished = "\url{http://valgrind.org/docs/manual/ms-manual.html}",
  year = {2000-2017}
}

@misc{drdRef,
  title = {{DRD: a thread error detector}},
  howpublished = "\url{http://valgrind.org/docs/manual/drd-manual.html}",
  year = {2000-2017}
}

@misc{fpxxRef,
  title = {{MIPS O32 ABI - FR0 and FR1 Interlinking}},
  howpublished = "\url{https://dmz-portal.mips.com/wiki/MIPS_O32_ABI_-_FR0_and_FR1_Interlinking}",
  year = {2015}
}

@misc{rcRef,
  title = {{What is RISC and CISC Architecture with Advantages and Disadvantages}},
  howpublished = "\url{http://www.edgefxkits.com/blog/what-is-risc-and-cisc-architecture/}",
  year = {2017}
}